<collection xmlns="http://www.loc.gov/MARC21/slim">
<record>
  <leader>01523nam0a2200301 i 450 </leader>
  <controlfield tag="001">IT\ICCU\CNCE\024871</controlfield>
  <controlfield tag="005">20110214000000.0</controlfield>
  <datafield tag="012" ind1=" " ind2=" ">
    <subfield code="a">n.am t.r- a-to &amp;mho (3) 1600 (R)</subfield>
    <subfield code="2">fei</subfield>
  </datafield>
  <datafield tag="100" ind1=" " ind2=" ">
    <subfield code="a">19970915d1600        0itac0103    ba</subfield>
  </datafield>
  <datafield tag="101" ind1=" " ind2=" ">
    <subfield code="a">LAT</subfield>
  </datafield>
  <datafield tag="102" ind1=" " ind2=" ">
    <subfield code="a">IT</subfield>
  </datafield>
  <datafield tag="200" ind1="1" ind2=" ">
    <subfield code="a">℗Reu. p. Emanuelis Sa, doctoris theologi societatis Iesu, ℗Aphorismi confessariorum ex variis doctorum sententijs collecti. Opusculum theologis omnibusque animarum curam habentibus vtile, ac necessarium</subfield>
  </datafield>
  <datafield tag="210" ind1=" " ind2=" ">
    <subfield code="a">Brixiae</subfield>
    <subfield code="c">ex societate Brixiana</subfield>
    <subfield code="d">1600</subfield>
  </datafield>
  <datafield tag="215" ind1=" " ind2=" ">
    <subfield code="a">455, \13! p.</subfield>
    <subfield code="d">12ʻ</subfield>
  </datafield>
  <datafield tag="620" ind1=" " ind2=" ">
    <subfield code="a">IT</subfield>
    <subfield code="d">Brescia</subfield>
  </datafield>
  <datafield tag="700" ind1=" " ind2="1">
    <subfield code="a">S,̀</subfield>
    <subfield code="b">Manuel</subfield>
    <subfield code="3">IT\ICCU\CNCA\007272</subfield>
  </datafield>
  <datafield tag="712" ind1="0" ind2="2">
    <subfield code="a">Compagnia Bresciana</subfield>
    <subfield code="3">IT\ICCU\CNCT\000578</subfield>
    <subfield code="4">650</subfield>
  </datafield>
  <datafield tag="790" ind1=" " ind2="1">
    <subfield code="a">S,̀</subfield>
    <subfield code="b">Emmanuel</subfield>
    <subfield code="3">IT\ICCU\CNCA\023846</subfield>
    <subfield code="z">S,̀ Manuel</subfield>
  </datafield>
  <datafield tag="791" ind1="0" ind2="2">
    <subfield code="a">Societas Brixiensis</subfield>
    <subfield code="3">IT\ICCU\CNCT\003695</subfield>
    <subfield code="z">Compagnia Bresciana</subfield>
  </datafield>
  <datafield tag="791" ind1="0" ind2="2">
    <subfield code="a">Societas Brixiana</subfield>
    <subfield code="3">IT\ICCU\CNCT\004652</subfield>
    <subfield code="z">Compagnia Bresciana</subfield>
  </datafield>
  <datafield tag="801" ind1=" " ind2="3">
    <subfield code="a">IT</subfield>
    <subfield code="b">ICCU</subfield>
    <subfield code="c">20201114</subfield>
  </datafield>
  <datafield tag="899" ind1=" " ind2=" ">
    <subfield code="a">Pontificia Biblioteca Antoniana. Padova</subfield>
    <subfield code="1">EX0020</subfield>
    <subfield code="2">PUV 78</subfield>
  </datafield>
  <datafield tag="899" ind1=" " ind2=" ">
    <subfield code="a">Biblioteca del Seminario vescovile. Forl</subfield>
    <subfield code="1">FC0021</subfield>
    <subfield code="2">ZFC 02</subfield>
  </datafield>
  <datafield tag="899" ind1=" " ind2=" ">
    <subfield code="a">Biblioteca nazionale Braidense. Milano</subfield>
    <subfield code="1">MI0185</subfield>
    <subfield code="2">MIL NB</subfield>
  </datafield>
  <datafield tag="899" ind1=" " ind2=" ">
    <subfield code="a">Biblioteca civica. Padova</subfield>
    <subfield code="1">PD0090</subfield>
    <subfield code="2">PUV 55</subfield>
  </datafield>
  <datafield tag="899" ind1=" " ind2=" ">
    <subfield code="a">Biblioteca dell&apos;Accademia Alfonsiana. Roma</subfield>
    <subfield code="1">RM0271</subfield>
    <subfield code="2">ZRM 03</subfield>
  </datafield>
  <datafield tag="911" ind1=" " ind2=" ">
    <subfield code="a">Sul frontespizio</subfield>
    <subfield code="9">IT\ICCU\CNCM\000921</subfield>
  </datafield>
  <datafield tag="921" ind1=" " ind2=" ">
    <subfield code="a">IT\ICCU\CNCM\000921</subfield>
    <subfield code="b">Brescia (Donna con elmo, scudo e cornucopia). In cornice figurata</subfield>
    <subfield code="e">Brixia fidelis</subfield>
    <subfield code="c">U38</subfield>
    <subfield code="d">Dimensioni: 4 x 4,5</subfield>
    <subfield code="f">BRIXIAFIDE</subfield>
    <subfield code="f">DONNA</subfield>
    <subfield code="f">CORNUCOPIA</subfield>
    <subfield code="g">1595-1600</subfield>
  </datafield>
</record>
</collection>
